<record><leader>00000cas a22000007a 4500</leader><controlfield tag="001">17685621</controlfield><controlfield tag="008">880328c197u9999pauwr ne      0    0eng d</controlfield><datafield ind1=" " ind2=" " tag="010"><subfield code="a">sn 88079252 </subfield></datafield><datafield ind1=" " ind2=" " tag="040"><subfield code="a">NPH</subfield><subfield code="b">eng</subfield><subfield code="c">NPH</subfield><subfield code="d">NSD</subfield><subfield code="d">OCLCQ</subfield></datafield><datafield ind1=" " ind2=" " tag="042"><subfield code="a">msc</subfield></datafield><datafield ind1="0" ind2=" " tag="130"><subfield code="a">Record (Coraopolis, Pa. : Moon Township ed.)</subfield></datafield><datafield ind1="1" ind2="4" tag="245"><subfield code="a">The record.</subfield></datafield><datafield ind1=" " ind2=" " tag="250"><subfield code="a">Moon Township ed.</subfield></datafield><datafield ind1=" " ind2=" " tag="260"><subfield code="a">Coraopolis, Pa. :</subfield><subfield code="b">Dardanell Publications</subfield></datafield><datafield ind1=" " ind2=" " tag="300"><subfield code="a">v. :</subfield><subfield code="b">ill. ;</subfield><subfield code="c">43-57 cm.</subfield></datafield><datafield ind1=" " ind2=" " tag="310"><subfield code="a">Weekly</subfield></datafield><datafield ind1=" " ind2=" " tag="500"><subfield code="a">"Serving Moon, Coraopolis, Neville, Robinson, Crescent, Findlay and Kennedy," &lt;1970&gt;; "Serving Moon Townhip, Crescent Township, Findlay Township, Oakdale, North Fayette Township," &lt;1985&gt;.</subfield></datafield><datafield ind1=" " ind2=" " tag="500"><subfield code="a">Issues for &lt;1985-&gt; have ed. statement: Moon Area ed.</subfield></datafield><datafield ind1=" " ind2=" " tag="588"><subfield code="a">Description based on: Vol. 66, no. 34 (Sept. 30, 1970).</subfield></datafield><datafield ind1=" " ind2=" " tag="752"><subfield code="a">United States</subfield><subfield code="b">Pennsylvania</subfield><subfield code="c">Allegheny</subfield><subfield code="d">Coraopolis.</subfield></datafield><datafield ind1=" " ind2=" " tag="752"><subfield code="a">United States</subfield><subfield code="b">Pennsylvania</subfield><subfield code="c">Allegheny</subfield><subfield code="d">Moon.</subfield></datafield><datafield ind1="0" ind2=" " tag="775"><subfield code="t">Record (Coraopolis, Pa. : Coraopolis Area ed.)</subfield><subfield code="x">1047-0689</subfield><subfield code="w">(DLC)sn 88079251</subfield></datafield></record>